<record xmlns="http://www.loc.gov/MARC21/slim" xmlns:xsi="http://www.w3.org/2001/XMLSchema-instance" xsi:schemaLocation="http://www.loc.gov/MARC21/slim http://www.loc.gov/standards/marcxml/schema/MARC21slim.xsd">

  <leader>00504nam a2200157Ia 4500</leader>
  <datafield ind1=" " ind2=" " tag="999">
    <subfield code="c">510</subfield>
    <subfield code="d">510</subfield>
  </datafield>
  <controlfield tag="008">170110b2008    mx ||||| |||| 00| | spa d</controlfield>
  <datafield tag="020" ind1=" " ind2=" ">
    <subfield code="a">9789709779196</subfield>
  </datafield>
  <datafield ind2=" " ind1=" " tag="090">
    <subfield code="a">06.04.08 </subfield>
    <subfield code="b">2061</subfield>
  </datafield>
  <datafield tag="100" ind1="1" ind2=" ">
    <subfield code="a">Schmill, Vidal</subfield>
    <subfield code="9">2221</subfield>
  </datafield>
  <datafield tag="245" ind2="0" ind1="1">
    <subfield code="a">Disciplina inteligente en la escuela: hacia una pedagogía de la no violencia / </subfield>
    <subfield code="c">Vidal Schmill</subfield>
  </datafield>
  <datafield ind2=" " ind1=" " tag="260">
    <subfield code="a">México : </subfield>
    <subfield code="b">Producciones educación aplicada,</subfield>
    <subfield code="c">2008</subfield>
  </datafield>
  <datafield ind2=" " ind1=" " tag="300">
    <subfield code="a">387 páginas</subfield>
  </datafield>
  <datafield ind2="4" ind1="1" tag="650">
    <subfield code="a">DISCIPLINA ESCOLAR</subfield>
    <subfield code="9">709</subfield>
  </datafield>
  <datafield tag="650" ind1="1" ind2="4">
    <subfield code="a">VIOLENCIA</subfield>
    <subfield code="9">71</subfield>
  </datafield>
  <datafield ind1=" " ind2=" " tag="942">
    <subfield code="2">z</subfield>
    <subfield code="c">01</subfield>
  </datafield>
</record>